

@url{Habera:aa,
	author = {Michal Habera and Andreas Zilian},
	date-added = {2024-03-04 16:19:39 +0100},
	date-modified = {2024-03-04 16:21:00 +0100},
	title = {dolfiny: Python wrappers for DOLFINx},
	url = {https://github.com/michalhabera/dolfiny}}

@misc{dolfinx2023preprint,
	author = {Baratta, Igor A. and Dean, Joseph P. and Dokken, J{\o}rgen S. and Habera, Michal and Hale, Jack S. and Richardson, Chris N. and Rognes, Marie E. and Scroggs, Matthew W. and Sime, Nathan and Wells, Garth N.},
	date-added = {2024-03-01 14:55:30 +0100},
	date-modified = {2024-03-01 14:55:30 +0100},
	doi = {10.5281/zenodo.10447666},
	month = dec,
	publisher = {Zenodo},
	title = {{DOLFINx: The next generation FEniCS problem solving environment}},
	year = 2023,
	bdsk-url-1 = {https://doi.org/10.5281/zenodo.10447666}}

@article{marigo:2023-la-mecanique,
	author = {Jean-Jacques Marigo},
	date-added = {2023-05-09 16:08:22 +0200},
	date-modified = {2023-05-09 16:09:13 +0200},
	journal = {Comptes Rendus M{\'e}canique},
	title = {La m{\'e}canique de l'endommagement au secours de la m{\'e}canique de la rupture : l'{\'e}volution de cette id{\'e}e en un demi-si{\`e}cle},
	year = {2023},
	bdsk-file-1 = {YnBsaXN0MDDSAQIDBFxyZWxhdGl2ZVBhdGhZYWxpYXNEYXRhXxBPLi4vLi4vLi4vLi4vTGlicmFyeS9Nb2JpbGUgRG9jdW1lbnRzL2NvbX5hcHBsZX5DbG91ZERvY3MvUGFwZXJzL21hcmlnby0yMDIzLnBkZk8RAaAAAAAAAaAAAgAADE1hY2ludG9zaCBIRAAAAAAAAAAAAAAAAAAAAOGUkbtCRAAB/////w9tYXJpZ28tMjAyMy5wZGYAAAAAAAAAAAAAAAAAAAAAAAAAAAAAAAAAAAAAAAAAAAAAAAAAAAAAAAAAAAAAAAD/////4IAgnQAAAAAAAAAAAAQABQAACiBjdQAAAAAAAAAAAAAAAAAGUGFwZXJzAAIAVC86VXNlcnM6a3VtaW9yaTM6TGlicmFyeTpNb2JpbGUgRG9jdW1lbnRzOmNvbX5hcHBsZX5DbG91ZERvY3M6UGFwZXJzOm1hcmlnby0yMDIzLnBkZgAOACAADwBtAGEAcgBpAGcAbwAtADIAMAAyADMALgBwAGQAZgAPABoADABNAGEAYwBpAG4AdABvAHMAaAAgAEgARAASAFJVc2Vycy9rdW1pb3JpMy9MaWJyYXJ5L01vYmlsZSBEb2N1bWVudHMvY29tfmFwcGxlfkNsb3VkRG9jcy9QYXBlcnMvbWFyaWdvLTIwMjMucGRmABMAAS8AABUAAgAP//8AAAAIAA0AGgAkAHYAAAAAAAACAQAAAAAAAAAFAAAAAAAAAAAAAAAAAAACGg==}}

@misc{petsc-web-page,
	author = {Satish Balay and Shrirang Abhyankar and Mark~F. Adams and Steven Benson and Jed Brown and Peter Brune and Kris Buschelman and Emil~M. Constantinescu and Lisandro Dalcin and Alp Dener and Victor Eijkhout and Jacob Faibussowitsch and William~D. Gropp and V\'{a}clav Hapla and Tobin Isaac and Pierre Jolivet and Dmitry Karpeev and Dinesh Kaushik and Matthew~G. Knepley and Fande Kong and Scott Kruger and Dave~A. May and Lois Curfman McInnes and Richard Tran Mills and Lawrence Mitchell and Todd Munson and Jose~E. Roman and Karl Rupp and Patrick Sanan and Jason Sarich and Barry~F. Smith and Stefano Zampini and Hong Zhang and Hong Zhang and Junchao Zhang},
	date-added = {2024-03-01 15:59:45 +0100},
	date-modified = {2024-03-01 15:59:45 +0100},
	howpublished = {\url{https://petsc.org/}},
	title = {{PETS}c {W}eb page},
	url = {https://petsc.org/},
	year = {2023},
	bdsk-url-1 = {https://petsc.org/}}

@techreport{petsc-user-ref,
	author = {Satish Balay and Shrirang Abhyankar and Mark~F. Adams and Steven Benson and Jed Brown and Peter Brune and Kris Buschelman and Emil Constantinescu and Lisandro Dalcin and Alp Dener and Victor Eijkhout and Jacob Faibussowitsch and William~D. Gropp and V\'{a}clav Hapla and Tobin Isaac and Pierre Jolivet and Dmitry Karpeev and Dinesh Kaushik and Matthew~G. Knepley and Fande Kong and Scott Kruger and Dave~A. May and Lois Curfman McInnes and Richard Tran Mills and Lawrence Mitchell and Todd Munson and Jose~E. Roman and Karl Rupp and Patrick Sanan and Jason Sarich and Barry~F. Smith and Stefano Zampini and Hong Zhang and Hong Zhang and Junchao Zhang},
	date-added = {2024-03-01 16:00:08 +0100},
	date-modified = {2024-03-01 16:00:08 +0100},
	doi = {10.2172/2205494},
	institution = {Argonne National Laboratory},
	number = {ANL-21/39 - Revision 3.20},
	title = {{PETSc/TAO} Users Manual},
	year = {2023},
	bdsk-url-1 = {https://doi.org/10.2172/2205494}}

@article{leon-baldelli:2021-numerical,
	abstract = {Gradient damage models used in phase-field approaches to brittle fracture are characterised by material softening and instabilities. We present novel numerical techniques for the bifurcation and stability analysis along quasi-static evolution paths as well as practical tools to select stable evolutions. Our approach stems from the variational approach to fracture and the theory of rate-independent irreversible processes whereby a quasi-static evolution is formulated in terms of incremental energy minimisation under unilateral constraints. Focusing on the discrete setting obtained with finite elements techniques, we discuss the links between bifurcation criteria for an evolution and stability of equilibrium states. Key concepts are presented through the analytical solution of a two-degrees-of-freedom model featuring a continuum family of bifurcation branches. We introduce numerical methods to (i) assess (second-order) stability conditions for time-discrete evolutions subject to damage irreversibility, and (ii) to select possible stable evolutions based on an energetic criterion. Our approach is based on the solution of a coupled eigenvalue problem which accounts for the time-discrete irreversibility constraint on damage. Several numerical examples illustrate that this approach allows us to filter out unstable solutions provided by standard (first-order) minimisation algorithms as well as to effectively compute stable evolution paths. We demonstrate our purpose on a multifissuration problem featuring complex fracture patterns, to show how the eigenvalue analysis enables to compute and retrieve morphological properties of emerging cracks.},
	author = {Le{\'o}n Baldelli, Andr{\'e}s A. and Maurini, Corrado},
	da = {2021/07/01/},
	date-added = {2021-05-16 16:45:21 +0200},
	date-modified = {2022-08-10 11:03:49 +0200},
	doi = {https://doi.org/10.1016/j.jmps.2021.104424},
	isbn = {0022-5096},
	journal = {Journal of the Mechanics and Physics of Solids},
	keywords = {Damage; Fracture; Stability; Bifurcation; Variational methods},
	pages = {104424},
	title = {Numerical bifurcation and stability analysis of variational gradient-damage models for phase-field fracture},
	ty = {JOUR},
	url = {https://www.sciencedirect.com/science/article/pii/S0022509621001010},
	volume = {152},
	year = {2021},
	bdsk-file-1 = {YnBsaXN0MDDSAQIDBFxyZWxhdGl2ZVBhdGhZYWxpYXNEYXRhbxBZAC4ALgAvAC4ALgAvAC4ALgAvAC4ALgAvAEwAaQBiAHIAYQByAHkALwBNAG8AYgBpAGwAZQAgAEQAbwBjAHUAbQBlAG4AdABzAC8AYwBvAG0AfgBhAHAAcABsAGUAfgBDAGwAbwB1AGQARABvAGMAcwAvAFAAYQBwAGUAcgBzAC8AbABlAG8DAQBuACAAYgBhAGwAZABlAGwAbABpAC0AMgAwADIAMQAgADIALgBwAGQAZk8RAcwAAAAAAcwAAgAADE1hY2ludG9zaCBIRAAAAAAAAAAAAAAAAAAAAOGUkbtCRAAB/////xhsZZduIGJhbGRlbGxpLTIwMjEgMi5wZGYAAAAAAAAAAAAAAAAAAAAAAAAAAAAAAAAAAAAAAAAAAAAAAAAAAAD/////3xvc9wAAAAAAAAAAAAQABQAACiBjdQAAAAAAAAAAAAAAAAAGUGFwZXJzAAIAXy86VXNlcnM6a3VtaW9yaTM6TGlicmFyeTpNb2JpbGUgRG9jdW1lbnRzOmNvbX5hcHBsZX5DbG91ZERvY3M6UGFwZXJzOmxlb8yBbiBiYWxkZWxsaS0yMDIxIDIucGRmAAAOADQAGQBsAGUAbwMBAG4AIABiAGEAbABkAGUAbABsAGkALQAyADAAMgAxACAAMgAuAHAAZABmAA8AGgAMAE0AYQBjAGkAbgB0AG8AcwBoACAASABEABIAXVVzZXJzL2t1bWlvcmkzL0xpYnJhcnkvTW9iaWxlIERvY3VtZW50cy9jb21+YXBwbGV+Q2xvdWREb2NzL1BhcGVycy9sZW/MgW4gYmFsZGVsbGktMjAyMSAyLnBkZgAAEwABLwAAFQACAA///wAAAAgADQAaACQA2QAAAAAAAAIBAAAAAAAAAAUAAAAAAAAAAAAAAAAAAAKp},
	bdsk-url-1 = {https://www.sciencedirect.com/science/article/pii/S0022509621001010},
	bdsk-url-2 = {https://doi.org/10.1016/j.jmps.2021.104424}}

@techreport{balay:2017-petsc,
	author = {Satish Balay and Shrirang Abhyankar and Mark~F. Adams and Jed Brown and Peter Brune and Kris Buschelman and Lisandro Dalcin and Victor Eijkhout and Dinesh Kaushik and Matthew~G. Knepley and Dave~A. May and Lois Curfman McInnes and William~D. Gropp and Karl Rupp and Patrick Sanan and Barry~F. Smith and Stefano Zampini and Hong Zhang and Hong Zhang},
	date-added = {2018-02-12 09:35:45 +0000},
	date-modified = {2022-08-10 11:03:49 +0200},
	institution = {Argonne National Laboratory},
	number = {ANL-95/11 - Revision 3.8},
	title = {PETSc Users Manual},
	year = {2017},
	bdsk-file-1 = {YnBsaXN0MDDSAQIDBFxyZWxhdGl2ZVBhdGhZYWxpYXNEYXRhXxBOLi4vLi4vLi4vLi4vTGlicmFyeS9Nb2JpbGUgRG9jdW1lbnRzL2NvbX5hcHBsZX5DbG91ZERvY3MvUGFwZXJzL2JhbGF5LTIwMTcucGRmTxEBngAAAAABngACAAAMTWFjaW50b3NoIEhEAAAAAAAAAAAAAAAAAAAA4ZSRu0JEAAH/////DmJhbGF5LTIwMTcucGRmAAAAAAAAAAAAAAAAAAAAAAAAAAAAAAAAAAAAAAAAAAAAAAAAAAAAAAAAAAAAAAAAAP/////Wpx5oAAAAAAAAAAAABAAFAAAKIGN1AAAAAAAAAAAAAAAAAAZQYXBlcnMAAgBTLzpVc2VyczprdW1pb3JpMzpMaWJyYXJ5Ok1vYmlsZSBEb2N1bWVudHM6Y29tfmFwcGxlfkNsb3VkRG9jczpQYXBlcnM6YmFsYXktMjAxNy5wZGYAAA4AHgAOAGIAYQBsAGEAeQAtADIAMAAxADcALgBwAGQAZgAPABoADABNAGEAYwBpAG4AdABvAHMAaAAgAEgARAASAFFVc2Vycy9rdW1pb3JpMy9MaWJyYXJ5L01vYmlsZSBEb2N1bWVudHMvY29tfmFwcGxlfkNsb3VkRG9jcy9QYXBlcnMvYmFsYXktMjAxNy5wZGYAABMAAS8AABUAAgAP//8AAAAIAA0AGgAkAHUAAAAAAAACAQAAAAAAAAAFAAAAAAAAAAAAAAAAAAACFw==}}

@article{dalcinpazklercosimo2011,
	author = {Lisandro D. Dalcin and Rodrigo R. Paz and Pablo A. Kler and Alejandro Cosimo},
	date-added = {2024-03-01 16:00:17 +0100},
	date-modified = {2024-03-01 16:00:17 +0100},
	doi = {10.1016/j.advwatres.2011.04.013},
	issn = {0309-1708},
	journal = {Advances in Water Resources},
	note = {New Computational Methods and Software Tools},
	number = {9},
	pages = {1124 - 1139},
	title = {Parallel distributed computing using Python},
	volume = {34},
	year = {2011},
	bdsk-url-1 = {https://doi.org/10.1016/j.advwatres.2011.04.013}}

@article{pham:2011-the-issues,
	author = {Pham, Kim and Marigo, Jean-Jacques and Maurini, Corrado},
	date-added = {2015-08-24 14:23:19 +0000},
	date-modified = {2022-08-10 11:03:49 +0200},
	journal = {Journal of the Mechanics and Physics of Solids},
	number = {6},
	pages = {1163--1190},
	publisher = {Elsevier},
	title = {The issues of the uniqueness and the stability of the homogeneous response in uniaxial tests with gradient damage models},
	volume = {59},
	year = {2011},
	bdsk-file-1 = {YnBsaXN0MDDSAQIDBFxyZWxhdGl2ZVBhdGhZYWxpYXNEYXRhXxBNLi4vLi4vLi4vLi4vTGlicmFyeS9Nb2JpbGUgRG9jdW1lbnRzL2NvbX5hcHBsZX5DbG91ZERvY3MvUGFwZXJzL3BoYW0tMjAxMS5wZGZPEQGYAAAAAAGYAAIAAAxNYWNpbnRvc2ggSEQAAAAAAAAAAAAAAAAAAADhlJG7QkQAAf////8NcGhhbS0yMDExLnBkZgAAAAAAAAAAAAAAAAAAAAAAAAAAAAAAAAAAAAAAAAAAAAAAAAAAAAAAAAAAAAAAAAAA/////9ICFAoAAAAAAAAAAAAEAAUAAAogY3UAAAAAAAAAAAAAAAAABlBhcGVycwACAFIvOlVzZXJzOmt1bWlvcmkzOkxpYnJhcnk6TW9iaWxlIERvY3VtZW50czpjb21+YXBwbGV+Q2xvdWREb2NzOlBhcGVyczpwaGFtLTIwMTEucGRmAA4AHAANAHAAaABhAG0ALQAyADAAMQAxAC4AcABkAGYADwAaAAwATQBhAGMAaQBuAHQAbwBzAGgAIABIAEQAEgBQVXNlcnMva3VtaW9yaTMvTGlicmFyeS9Nb2JpbGUgRG9jdW1lbnRzL2NvbX5hcHBsZX5DbG91ZERvY3MvUGFwZXJzL3BoYW0tMjAxMS5wZGYAEwABLwAAFQACAA///wAAAAgADQAaACQAdAAAAAAAAAIBAAAAAAAAAAUAAAAAAAAAAAAAAAAAAAIQ}}

@article{pinto-da-costa:2010-cone-constrained,
	abstract = {Equilibria in mechanics or in transportation models are not always expressed through a system of equations, but sometimes they are characterized by means of complementarity conditions involving a convex cone. This work deals with the analysis of cone-constrained eigenvalue problems. We discuss some theoretical issues like, for instance, the estimation of the maximal number of eigenvalues in a cone-constrained problem. Special attention is paid to the Paretian case. As a short addition to the theoretical part, we introduce and study two algorithms for solving numerically such type of eigenvalue problems.},
	author = {Pinto da Costa, A. and Seeger, A.},
	date = {2010/01/01},
	date-added = {2023-02-07 16:15:01 +0100},
	date-modified = {2023-02-07 16:15:01 +0100},
	doi = {10.1007/s10589-008-9167-8},
	id = {Pinto da Costa2010},
	isbn = {1573-2894},
	journal = {Computational Optimization and Applications},
	number = {1},
	pages = {25--57},
	title = {Cone-constrained eigenvalue problems: theory and algorithms},
	url = {https://doi.org/10.1007/s10589-008-9167-8},
	volume = {45},
	year = {2010},
	bdsk-file-1 = {YnBsaXN0MDDSAQIDBFxyZWxhdGl2ZVBhdGhZYWxpYXNEYXRhXxBXLi4vLi4vLi4vLi4vTGlicmFyeS9Nb2JpbGUgRG9jdW1lbnRzL2NvbX5hcHBsZX5DbG91ZERvY3MvUGFwZXJzL3BpbnRvIGRhIGNvc3RhLTIwMTAucGRmTxEBwAAAAAABwAACAAAMTWFjaW50b3NoIEhEAAAAAAAAAAAAAAAAAAAA4ZSRu0JEAAH/////F3BpbnRvIGRhIGNvc3RhLTIwMTAucGRmAAAAAAAAAAAAAAAAAAAAAAAAAAAAAAAAAAAAAAAAAAAAAAAAAAAAAP/////fKsmAAAAAAAAAAAAABAAFAAAKIGN1AAAAAAAAAAAAAAAAAAZQYXBlcnMAAgBcLzpVc2VyczprdW1pb3JpMzpMaWJyYXJ5Ok1vYmlsZSBEb2N1bWVudHM6Y29tfmFwcGxlfkNsb3VkRG9jczpQYXBlcnM6cGludG8gZGEgY29zdGEtMjAxMC5wZGYADgAwABcAcABpAG4AdABvACAAZABhACAAYwBvAHMAdABhAC0AMgAwADEAMAAuAHAAZABmAA8AGgAMAE0AYQBjAGkAbgB0AG8AcwBoACAASABEABIAWlVzZXJzL2t1bWlvcmkzL0xpYnJhcnkvTW9iaWxlIERvY3VtZW50cy9jb21+YXBwbGV+Q2xvdWREb2NzL1BhcGVycy9waW50byBkYSBjb3N0YS0yMDEwLnBkZgATAAEvAAAVAAIAD///AAAACAANABoAJAB+AAAAAAAAAgEAAAAAAAAABQAAAAAAAAAAAAAAAAAAAkI=},
	bdsk-url-1 = {https://doi.org/10.1007/s10589-008-9167-8}}

@article{bourdin:2008-the-variational,
	author = {Bourdin, Blaise and Francfort, Gilles A and Marigo, Jean-Jacques},
	date-added = {2015-07-07 15:15:16 +0000},
	date-modified = {2022-08-10 11:03:49 +0200},
	journal = {Journal of elasticity},
	number = {1-3},
	pages = {5--148},
	publisher = {Springer},
	title = {The variational approach to fracture},
	volume = {91},
	year = {2008},
	bdsk-file-1 = {YnBsaXN0MDDSAQIDBFxyZWxhdGl2ZVBhdGhZYWxpYXNEYXRhXxBSLi4vLi4vLi4vLi4vTGlicmFyeS9Nb2JpbGUgRG9jdW1lbnRzL2NvbX5hcHBsZX5DbG91ZERvY3MvUGFwZXJzL2JvdXJkaW4tMjAwOCAyLnBkZk8RAa4AAAAAAa4AAgAADE1hY2ludG9zaCBIRAAAAAAAAAAAAAAAAAAAAOGUkbtCRAAB/////xJib3VyZGluLTIwMDggMi5wZGYAAAAAAAAAAAAAAAAAAAAAAAAAAAAAAAAAAAAAAAAAAAAAAAAAAAAAAAAAAAD/////3yo5ZwAAAAAAAAAAAAQABQAACiBjdQAAAAAAAAAAAAAAAAAGUGFwZXJzAAIAVy86VXNlcnM6a3VtaW9yaTM6TGlicmFyeTpNb2JpbGUgRG9jdW1lbnRzOmNvbX5hcHBsZX5DbG91ZERvY3M6UGFwZXJzOmJvdXJkaW4tMjAwOCAyLnBkZgAADgAmABIAYgBvAHUAcgBkAGkAbgAtADIAMAAwADgAIAAyAC4AcABkAGYADwAaAAwATQBhAGMAaQBuAHQAbwBzAGgAIABIAEQAEgBVVXNlcnMva3VtaW9yaTMvTGlicmFyeS9Nb2JpbGUgRG9jdW1lbnRzL2NvbX5hcHBsZX5DbG91ZERvY3MvUGFwZXJzL2JvdXJkaW4tMjAwOCAyLnBkZgAAEwABLwAAFQACAA///wAAAAgADQAaACQAeQAAAAAAAAIBAAAAAAAAAAUAAAAAAAAAAAAAAAAAAAIr}}

@article{hernandez:2005-slepc,
	author = {Vicente Hernandez and Jose E. Roman and Vicente Vidal},
	date-added = {2019-12-21 16:53:07 +0100},
	date-modified = {2022-08-10 11:03:49 +0200},
	journal = {{ACM} Trans. Math. Software},
	number = {3},
	pages = {351--362},
	title = {{SLEPc}: A scalable and flexible toolkit for the solution of eigenvalue problems},
	volume = {31},
	year = {2005}}

@book{jorge-nocedal:1999-numerical,
	author = {Jorge Nocedal, Stephen Wright},
	date-added = {2019-11-27 14:27:43 +0100},
	date-modified = {2022-08-10 11:03:49 +0200},
	isbn = {0387987932,9780387987934,9780387227429},
	publisher = {Springer},
	series = {Springer series in operations research},
	title = {Numerical optimization},
	year = {1999},
	bdsk-file-1 = {YnBsaXN0MDDSAQIDBFxyZWxhdGl2ZVBhdGhZYWxpYXNEYXRhXxBWLi4vLi4vLi4vLi4vTGlicmFyeS9Nb2JpbGUgRG9jdW1lbnRzL2NvbX5hcHBsZX5DbG91ZERvY3MvUGFwZXJzL2pvcmdlIG5vY2VkYWwtMTk5OS5wZGZPEQG+AAAAAAG+AAIAAAxNYWNpbnRvc2ggSEQAAAAAAAAAAAAAAAAAAADhlJG7QkQAAf////8Wam9yZ2Ugbm9jZWRhbC0xOTk5LnBkZgAAAAAAAAAAAAAAAAAAAAAAAAAAAAAAAAAAAAAAAAAAAAAAAAAAAAAA/////9n52YQAAAAAAAAAAAAEAAUAAAogY3UAAAAAAAAAAAAAAAAABlBhcGVycwACAFsvOlVzZXJzOmt1bWlvcmkzOkxpYnJhcnk6TW9iaWxlIERvY3VtZW50czpjb21+YXBwbGV+Q2xvdWREb2NzOlBhcGVyczpqb3JnZSBub2NlZGFsLTE5OTkucGRmAAAOAC4AFgBqAG8AcgBnAGUAIABuAG8AYwBlAGQAYQBsAC0AMQA5ADkAOQAuAHAAZABmAA8AGgAMAE0AYQBjAGkAbgB0AG8AcwBoACAASABEABIAWVVzZXJzL2t1bWlvcmkzL0xpYnJhcnkvTW9iaWxlIERvY3VtZW50cy9jb21+YXBwbGV+Q2xvdWREb2NzL1BhcGVycy9qb3JnZSBub2NlZGFsLTE5OTkucGRmAAATAAEvAAAVAAIAD///AAAACAANABoAJAB9AAAAAAAAAgEAAAAAAAAABQAAAAAAAAAAAAAAAAAAAj8=},
	bdsk-url-1 = {http://gen.lib.rus.ec/book/index.php?md5=9F2AB259C0C662B59CDA32277F1CA284}}

@article{moreau:1962-decomposition,
	annote = {⟨hal-01867187⟩},
	author = {Jean Jacques Moreau},
	date-added = {2023-02-20 12:38:42 +0100},
	date-modified = {2023-02-20 12:39:29 +0100},
	journal = {Comptes rendus hebdomadaires des s{\'e}ances de l'Acad{\'e}mie des sciences},
	pages = {238-240},
	title = {D{\'e}composition orthogonale d'un espace hilbertien selon deux c{\^o}nes mutuellement polaires},
	volume = {255},
	year = {1962},
	bdsk-file-1 = {YnBsaXN0MDDSAQIDBFxyZWxhdGl2ZVBhdGhZYWxpYXNEYXRhXxBPLi4vLi4vLi4vLi4vTGlicmFyeS9Nb2JpbGUgRG9jdW1lbnRzL2NvbX5hcHBsZX5DbG91ZERvY3MvUGFwZXJzL21vcmVhdS0xOTYyLnBkZk8RAaAAAAAAAaAAAgAADE1hY2ludG9zaCBIRAAAAAAAAAAAAAAAAAAAAOGUkbtCRAAB/////w9tb3JlYXUtMTk2Mi5wZGYAAAAAAAAAAAAAAAAAAAAAAAAAAAAAAAAAAAAAAAAAAAAAAAAAAAAAAAAAAAAAAAD/////30kBjQAAAAAAAAAAAAQABQAACiBjdQAAAAAAAAAAAAAAAAAGUGFwZXJzAAIAVC86VXNlcnM6a3VtaW9yaTM6TGlicmFyeTpNb2JpbGUgRG9jdW1lbnRzOmNvbX5hcHBsZX5DbG91ZERvY3M6UGFwZXJzOm1vcmVhdS0xOTYyLnBkZgAOACAADwBtAG8AcgBlAGEAdQAtADEAOQA2ADIALgBwAGQAZgAPABoADABNAGEAYwBpAG4AdABvAHMAaAAgAEgARAASAFJVc2Vycy9rdW1pb3JpMy9MaWJyYXJ5L01vYmlsZSBEb2N1bWVudHMvY29tfmFwcGxlfkNsb3VkRG9jcy9QYXBlcnMvbW9yZWF1LTE5NjIucGRmABMAAS8AABUAAgAP//8AAAAIAA0AGgAkAHYAAAAAAAACAQAAAAAAAAAFAAAAAAAAAAAAAAAAAAACGg==}}
