
@article{Manning2005,
	author = {Manning, Robert S and Bulman, George B},
	journal = {Proceedings of the Royal Society A: Mathematical, Physical and Engineering Science},
	number = {2060},
	pages = {2423-2450},
	title = {{Stability of an elastic rod buckling into a soft wall}},
	volume = {461},
	year = {2005}}


@article{Manning1998,
	author = {R. S. Manning and K. A. Rogers and J. H. Maddocks},
	journal = {Proceedings of the Royal Society A: Mathematical, Physical and Engineering Sciences},
	number = {1980},
	pages = {3047--3074},
	title = {Isoperimetric conjugate points with application to the stability of {DNA} minicircles},
	volume = {454},
	year = {1998}}

@article{Doedel1991,
	author = {Eusebius Doedel And Herbert B. Keller And Jean Pierre Kernevez},
	journal = {International Journal of Bifurcation and Chaos},
	number = {04},
	pages = {745-772},
	title = {{Numerical Analysis And Control of Bifurcation Problems (II): Bifurcation In Infinite Dimensions}},
	volume = {01},
	year = {1991}}


@article{Manning2009,
	author = {Robert S. Manning},
	journal = {SIAM Review},
	number = {1},
	pages = {193-212},
	title = {{Conjugate Points Revisited and Neumann--Neumann Problems}},
	volume = {51},
	year = {2009}}
